<record><leader>00000cas a22000007a 4500</leader><controlfield tag="001">11718492</controlfield><controlfield tag="008">850221d18181820mduwr ne      0    0eng d</controlfield><datafield ind1=" " ind2=" " tag="010"><subfield code="a">sn 85025392 </subfield></datafield><datafield ind1=" " ind2=" " tag="040"><subfield code="a">NPX</subfield><subfield code="b">eng</subfield><subfield code="c">NPX</subfield><subfield code="d">MFN</subfield><subfield code="d">OCL</subfield><subfield code="d">OCLCQ</subfield></datafield><datafield ind1=" " ind2=" " tag="019"><subfield code="a">19564495</subfield></datafield><datafield ind1=" " ind2=" " tag="042"><subfield code="a">msc</subfield></datafield><datafield ind1="0" ind2="4" tag="245"><subfield code="a">The bond of union.</subfield></datafield><datafield ind1=" " ind2=" " tag="260"><subfield code="a">Havre-de-Grace, Md. :</subfield><subfield code="b">Wm. Coale</subfield></datafield><datafield ind1=" " ind2=" " tag="300"><subfield code="a">v.</subfield></datafield><datafield ind1=" " ind2=" " tag="310"><subfield code="a">Weekly</subfield></datafield><datafield ind1="1" ind2=" " tag="362"><subfield code="a">Began in 1818; ceased in 1820?</subfield></datafield><datafield ind1=" " ind2=" " tag="500"><subfield code="a">Published at Bel Air, Md., &lt;1820&gt;</subfield></datafield><datafield ind1=" " ind2=" " tag="588"><subfield code="a">Description based on: Vol. 1, no. 16 (Apr. 23, 1818).</subfield></datafield><datafield ind1=" " ind2=" " tag="752"><subfield code="a">United States</subfield><subfield code="b">Maryland</subfield><subfield code="c">Harford</subfield><subfield code="d">Havre de Grace.</subfield></datafield><datafield ind1=" " ind2=" " tag="752"><subfield code="a">United States</subfield><subfield code="b">Maryland</subfield><subfield code="c">Harford</subfield><subfield code="d">Bel Air.</subfield></datafield><datafield ind1="0" ind2="0" tag="785"><subfield code="t">Bond of union and weekly advertiser</subfield><subfield code="w">(DLC)sn 83016216</subfield></datafield><datafield ind1="1" ind2=" " tag="029"><subfield code="a">AU@</subfield><subfield code="b">000025819690</subfield></datafield></record>